<record><leader>00000cas a22000007a 4500</leader><controlfield tag="001">27058245</controlfield><controlfield tag="008">921203d1868186unyumr ne      0    0eng d</controlfield><datafield ind1=" " ind2=" " tag="010"><subfield code="a">sn 93063755 </subfield></datafield><datafield ind1=" " ind2=" " tag="040"><subfield code="a">NYS</subfield><subfield code="b">eng</subfield><subfield code="c">NYS</subfield><subfield code="d">OCLCQ</subfield></datafield><datafield ind1=" " ind2=" " tag="042"><subfield code="a">msc</subfield></datafield><datafield ind1=" " ind2=" " tag="043"><subfield code="a">n-us-ny</subfield></datafield><datafield ind1="0" ind2="4" tag="245"><subfield code="a">The Rural miscellany.</subfield></datafield><datafield ind1=" " ind2=" " tag="260"><subfield code="a">Mayville, N.Y. :</subfield><subfield code="b">G.R. Dean</subfield></datafield><datafield ind1=" " ind2=" " tag="300"><subfield code="a">v.</subfield></datafield><datafield ind1=" " ind2=" " tag="310"><subfield code="a">Monthly</subfield></datafield><datafield ind1="1" ind2=" " tag="362"><subfield code="a">Began in 1868?</subfield></datafield><datafield ind1=" " ind2=" " tag="500"><subfield code="a">"A monthly journal for the farm and friends."</subfield></datafield><datafield ind1=" " ind2=" " tag="588"><subfield code="a">Description based on: Vol. 1, no. 2 (Oct. 1868).</subfield></datafield><datafield ind1=" " ind2="0" tag="650"><subfield code="a">Rural life</subfield><subfield code="z">New York (State)</subfield><subfield code="v">Newspapers.</subfield></datafield><datafield ind1=" " ind2="4" tag="651"><subfield code="a">Mayville (N.Y.)</subfield><subfield code="v">Newspapers.</subfield></datafield><datafield ind1=" " ind2=" " tag="752"><subfield code="a">United States</subfield><subfield code="b">New York</subfield><subfield code="c">Chautauqua</subfield><subfield code="d">Mayville.</subfield></datafield><datafield ind1="0" ind2="0" tag="785"><subfield code="t">Rural messenger</subfield><subfield code="w">(DLC)sn 85025400</subfield></datafield><datafield ind1="1" ind2=" " tag="029"><subfield code="a">AU@</subfield><subfield code="b">000020714642</subfield></datafield></record>